<?xml version="1.0" encoding="UTF-8"?><collection xmlns="http://www.loc.gov/MARC21/slim"><record><leader>00309nam--2200133-i-4500</leader><controlfield tag="001">000013103</controlfield><controlfield tag="002">20161230</controlfield><controlfield tag="005">20161230201030</controlfield><controlfield tag="008">060222s1000------------r-----000-0-eng-d</controlfield><datafield ind1=" " ind2=" " tag="080"><subfield code="a">539.L.O74.55(047.3)</subfield></datafield><datafield ind1=" " ind2=" " tag="245"><subfield code="a">Cadmium telluride detectors</subfield></datafield><datafield ind1=" " ind2=" " tag="260"><subfield code="a">Washington,Usaec,1971</subfield></datafield><datafield ind1=" " ind2=" " tag="490"><subfield code="a">Nyo</subfield></datafield><datafield ind1=" " ind2=" " tag="852"><subfield code="a">47113</subfield></datafield></record></collection>